<record><leader>00000cas a2200000 a 4500</leader><controlfield tag="001">11172738</controlfield><controlfield tag="008">840919d18841885ksuwr ne      0   a0eng d</controlfield><datafield ind1=" " ind2=" " tag="010"><subfield code="a">sn 84029512 </subfield></datafield><datafield ind1=" " ind2=" " tag="040"><subfield code="a">KSH</subfield><subfield code="b">eng</subfield><subfield code="c">KSH</subfield><subfield code="d">NPT</subfield><subfield code="d">OCL</subfield><subfield code="d">OCLCQ</subfield></datafield><datafield ind1=" " ind2=" " tag="042"><subfield code="a">msc</subfield></datafield><datafield ind1="0" ind2=" " tag="130"><subfield code="a">Weekly visitor (Baldwin, Kan.)</subfield></datafield><datafield ind1="1" ind2="4" tag="245"><subfield code="a">The weekly visitor.</subfield></datafield><datafield ind1="3" ind2="0" tag="246"><subfield code="a">Baldwin visitor</subfield></datafield><datafield ind1=" " ind2=" " tag="260"><subfield code="a">Baldwin, Kan. :</subfield><subfield code="b">J.W. Lee &amp; Son</subfield></datafield><datafield ind1=" " ind2=" " tag="300"><subfield code="a">v. ;</subfield><subfield code="c">27-64 cm.</subfield></datafield><datafield ind1=" " ind2=" " tag="310"><subfield code="a">Weekly</subfield></datafield><datafield ind1="1" ind2=" " tag="362"><subfield code="a">Began with Mar. 18, 1884 issue; ceased with Apr. 24, 1885 issue?</subfield></datafield><datafield ind1=" " ind2=" " tag="500"><subfield code="a">Published as: Baldwin visitor, Oct. 3, 1884-Apr. 24, 1885.</subfield></datafield><datafield ind1=" " ind2=" " tag="500"><subfield code="a">Published by J.W. Lee &amp; Co., Oct. 3, 1884-Apr. 24, 1885.</subfield></datafield><datafield ind1=" " ind2=" " tag="588"><subfield code="a">Description based on: Vol. 1, no. 14 (July 11, 1884).</subfield></datafield><datafield ind1=" " ind2=" " tag="752"><subfield code="a">United States</subfield><subfield code="b">Kansas</subfield><subfield code="c">Douglas</subfield><subfield code="d">Baldwin.</subfield></datafield><datafield ind1="0" ind2="4" tag="785"><subfield code="t">Baldwin ledger</subfield><subfield code="w">(DLC)sn 84029548</subfield></datafield></record>